A1858                 AGUA SAO JOAO       748SICREDI             2019072600004106DEBITO AUTOMATICO                                                    
E0012                     0434869708        2019080100000000000010003                                                                            0
Z00000300000000000000100                                                                                                                               
